@article{test,
author = {Shelah, Saharon},
ams-subject = {(02.50)},
journal = {Israel Journal of Mathematics},
review = {MR 40-7102},
pages = {187--202},
title = {{Stable theories}},
volume = {7},
year = {1969},
}
@article{otsu,
  title={A threshold selection method from gray-level histograms},
  author={Otsu, Nobuyuki},
  journal={IEEE transactions on systems, man, and cybernetics},
  volume={9},
  number={1},
  pages={62--66},
  year={1979},
  publisher={IEEE}
}

@article{li,
  title={An iterative algorithm for minimum cross entropy thresholding},
  author={Li, CH and Tam, Peter Kwong-Shun},
  journal={Pattern Recognition Letters},
  volume={19},
  number={8},
  pages={771--776},
  year={1998},
  publisher={Elsevier}
}

@misc{imagej_methods,
title={ImageJ methods},
url={https://imagej.nih.gov/ij/docs/guide/user-guide.pdf},
journal={ImageJ},
year={2017}
}