@misc{crossover,
author={Lee Jacobson},
title={Applying a genetic algorithm to the traveling salesman problem},
url={http://www.theprojectspot.com/tutorial-post/applying-a-genetic-algorithm-to-the-travelling-salesman-problem/5},
urldate={2017-1-14},
journal={Theprojectspot.com},
year={2017}
}

@misc{tsplib,
title={TSPLIB},
url={http://comopt.ifi.uni-heidelberg.de/software/TSPLIB95/},
urldate={2017-1-13},
publisher={Ruprecht-Karls-Universit√§t Heidelberg},
journal={Comopt.ifi.uni-heidelberg.de},
year={2017}
}

@book{neuralnets,
  title={Neural Computing-an introduction},
  author={Beale, Russell and Jackson, Tom},
  year={1990},
  publisher={CRC Press}
}

@misc{svd,
  author={White, John Myles},
  title={Image Compression with the SVD in R},
  url={http://www.johnmyleswhite.com/notebook/2009/12/17/image-compression-with-the-svd-in-r/},
  urldate={2017-1-12},
  journal={Johnmyleswhite.com},
  year={2017}
}

@misc{sa_tsp,
author={Schneider, Todd},
title={The Traveling Salesman with Simulated Annealing, R, and Shiny},
url={http://toddwschneider.com/posts/traveling-salesman-with-simulated-annealing-r-and-shiny/},
urldate={2017-1-12},
journal={toddwschneider.com},
year={2017}
}

@article{koh_img_comp,
  title={Image compression by self-organized Kohonen map},
  author={Amerijckx, Christophe and Verleysen, Michel and Thissen, Philippe and Legat, Jean-Didier},
  journal={IEEE Transactions on neural networks},
  volume={9},
  number={3},
  pages={503--507},
  year={1998}
}

@Article{ga_tsp,
  author="Larra{\~{n}}aga, P. and Kuijpers, C.M.H. and Murga, R.H. and Inza, I. and Dizdarevic, S.",
  title="Genetic Algorithms for the Travelling Salesman Problem: A Review of Representations and Operators",
  journal="Artificial Intelligence Review",
  year="1999",
  volume="13",
  number="2",
  pages="129--170",
  abstract="This paper is the result of a literature study carried out by the authors. It is a review of the different attempts made to solve the Travelling Salesman Problem with Genetic Algorithms. We present crossover and mutation operators, developed to tackle the Travelling Salesman Problem with Genetic Algorithms with different representations such as: binary representation, path representation, adjacency representation, ordinal representation and matrix representation. Likewise, we show the experimental results obtained with different standard examples using combination of crossover and mutation operators in relation with path representation.",
  issn="1573-7462",
  doi="10.1023/A:1006529012972",
  url="http://dx.doi.org/10.1023/A:1006529012972"
}
