@ARTICLE{rabiner, 
  author={L. R. Rabiner}, 
  journal={Proceedings of the IEEE}, 
  title={A tutorial on hidden Markov models and selected applications in speech recognition}, 
  year={1989}, 
  volume={77}, 
  number={2}, 
  pages={257-286}, 
  keywords={Markov processes;speech recognition;balls-in-urns system;coin-tossing;discrete Markov chains;ergodic models;hidden Markov models;hidden states;left-right models;probabilistic function;speech recognition;Distortion;Hidden Markov models;Mathematical model;Multiple signal classification;Signal processing;Speech recognition;Statistical analysis;Stochastic processes;Temperature measurement;Tutorial}, 
  doi={10.1109/5.18626}, 
  ISSN={0018-9219}
}

@ARTICLE{shen, 
  author={D. Shen}, 
  journal={Carnegie Mellon University Internal Publications}, 
  title={Some Mathematics for HMM}, 
  year={2008}, 
  volume={0}, 
  number={0}
}

@misc{pyhmm,
  author = {A. N. Iyer},
  title = {PyHMM},
  year = {2015},
  publisher = {GitHub},
  journal = {GitHub repository},
  howpublished = {\url{https://github.com/ananthpn/oyhmm}},
  commit = {ab8b05d03f810524247a94727193a88ff84e881b}
}

@misc{pyhmm,
  author = {A. N. Iyer},
  title = {PyHMM},
  year = {2015},
  publisher = {GitHub},
  journal = {GitHub repository},
  howpublished = {\url{https://github.com/ananthpn/oyhmm}},
  commit = {ab8b05d03f810524247a94727193a88ff84e881b}
}

@misc{bw,
  title = {Baum-Welch Algorithm: Finding Parameters for our HMM},
  url={https://jyyuan.wordpress.com/2014/01/28/baum-welch-algorithm-finding-parameters-for-our-hmm/},
  urldate={2017-1-27},
  journal={jyyuan.wordpress.com},
  year={2017}
}

@misc{sc,
url={http://www.ensembl.org/Saccharomyces_cerevisiae/Info/Index},
urldate={2017-1-27},
journal={Ensembl.org},
year={2017}
}

@article{heuristic,
  title={Heuristic approach to deriving models for gene finding},
  author={Besemer, John and Borodovsky, Mark},
  journal={Nucleic acids research},
  volume={27},
  number={19},
  pages={3911--3920},
  year={1999},
  publisher={Oxford Univ Press}
}

