@article{Zerbino08,
  added-at = {2010-01-26T20:35:53.000+0100},
  author = {Zerbino, Daniel R and Birney, Ewan},
  biburl = {http://www.bibsonomy.org/bibtex/26ec9455c363caa75a6152f99606558fd/denilw},
  doi = {10.1101/gr.074492.107},
  file = {article:../Statistics/Velvet%3A algorithms for de novo short read
	assembly using de Bruijn graphs.pdf:pdf},
  interhash = {ff53638431666f612262a4807a9939e5},
  intrahash = {6ec9455c363caa75a6152f99606558fd},
  journal = {Genome Res.},
  keywords = {imported},
  number = 5,
  pages = {821-9},
  pmid = {18349386},
  timestamp = {2010-01-26T20:36:05.000+0100},
  title = {Velvet: algorithms for de novo short read assembly using de Bruijn
	graphs.},
  volume = 18,
  year = 2008
}
@article{Silva2003176,
title = "Why are the genomes of endosymbiotic bacteria so stable? ",
journal = "Trends in Genetics ",
volume = "19",
number = "4",
pages = "176 - 180",
year = "2003",
note = "",
issn = "0168-9525",
doi = "http://dx.doi.org/10.1016/S0168-9525(03)00041-6",
url = "http://www.sciencedirect.com/science/article/pii/S0168952503000416",
author = "Francisco J. Silva and Amparo Latorre and Andr√©s Moya"
}

@article{2006Perez,
   author = {{P{\'e}rez-Brocal}, V. and {Gil}, R. and {Ramos}, S. and {Lamelas}, A. and 
	{Postigo}, M. and {Michelena}, J.~M. and {Silva}, F.~J. and 
	{Moya}, A. and {Latorre}, A.},
    title = "{A Small Microbial Genome: The End of a Long Symbiotic Relationship?}",
  journal = {Science},
     year = 2006,
    month = oct,
   volume = 314,
    pages = {312-313},
      doi = {10.1126/science.1130441},
   adsurl = {http://adsabs.harvard.edu/abs/2006Sci...314..312P},
  adsnote = {Provided by the SAO/NASA Astrophysics Data System}
}
@article{shigenobu2000genome,
  title={Genome sequence of the endocellular bacterial symbiont of aphids Buchnera sp. APS},
  author={Shigenobu, Shuji and Watanabe, Hidemi and Hattori, Masahira and Sakaki, Yoshiyuki and Ishikawa, Hajime},
  journal={Nature},
  volume={407},
  number={6800},
  pages={81--86},
  year={2000},
  publisher={Nature Publishing Group}
}

@article {exonerate,
	Title = {Automated generation of heuristics for biological sequence comparison},
	Author = {Slater, Guy St C and Birney, Ewan},
	DOI = {10.1186/1471-2105-6-31},
	Volume = {6},
	Year = {2005},
	Journal = {BMC bioinformatics},
	ISSN = {1471-2105},
	Pages = {31},
	URL = {http://europepmc.org/articles/PMC553969},
}
