@book{durbin1998biological,
  title={Biological sequence analysis: probabilistic models of proteins and nucleic acids},
  author={Durbin, Richard and Eddy, Sean R and Krogh, Anders and Mitchison, Graeme},
  year={1998},
  publisher={Cambridge university press}
}