@article{test,
  author = {Shelah, Saharon},
  ams-subject = {(02.50)},
  journal = {Israel Journal of Mathematics},
  review = {MR 40-7102},
  pages = {187--202},
  title = {{Stable theories}},
  volume = {7},
  year = {1969},
}

@misc{neurofuture,
title={Open message to the European Commission
concerning the Human Brain Project},
url={http://www.neurofuture.eu/},
journal={Neurofuture.eu},
year={2017}
}


@article{gomez2014big,
  title={Big behavioral data: psychology, ethology and the foundations of neuroscience},
  author={Gomez-Marin, Alex and Paton, Joseph J and Kampff, Adam R and Costa, Rui M and Mainen, Zachary F},
  journal={Nature neuroscience},
  volume={17},
  number={11},
  pages={1455--1462},
  year={2014},
  publisher={Nature Publishing Group}
}

@article{de2008interpreting,
  title={Interpreting fMRI data: maps, modules and dimensions},
  author={De Beeck, Hans P Op and Haushofer, Johannes and Kanwisher, Nancy G},
  journal={Nature Reviews Neuroscience},
  volume={9},
  number={2},
  pages={123--135},
  year={2008},
  publisher={Nature Publishing Group}
}

@article{kolb1998brain,
  title={Brain plasticity and behavior},
  author={Kolb, Bryan and Whishaw, Ian Q},
  journal={Annual review of psychology},
  volume={49},
  number={1},
  pages={43--64},
  year={1998},
  publisher={Annual Reviews 4139 El Camino Way, PO Box 10139, Palo Alto, CA 94303-0139, USA}
}

@article{bach1990brain,
  title={Brain plasticity as a basis for recovery of function in humans},
  author={Bach-y-Rita, Paul},
  journal={Neuropsychologia},
  volume={28},
  number={6},
  pages={547--554},
  year={1990},
  publisher={Elsevier}
}

@article{rauschecker1995compensatory,
  title={Compensatory plasticity and sensory substitution in the cerebral cortex},
  author={Rauschecker, Josef P},
  journal={Trends in neurosciences},
  volume={18},
  number={1},
  pages={36--43},
  year={1995},
  publisher={Elsevier}
}
@article{damasio1994return,
  title={The return of Phineas Gage: clues about the brain from the skull of a famous patient},
  author={Damasio, Hanna and Grabowski, Thomas and Frank, Randall and Galaburda, Albert M and Damasio, Antonio R and others},
  journal={Science},
  volume={264},
  number={5162},
  pages={1102--1105},
  year={1994}
}

@article{honey2009predicting,
  title={Predicting human resting-state functional connectivity from structural connectivity},
  author={Honey, CJ and Sporns, O and Cammoun, Leila and Gigandet, Xavier and Thiran, Jean-Philippe and Meuli, Reto and Hagmann, Patric},
  journal={Proceedings of the National Academy of Sciences},
  volume={106},
  number={6},
  pages={2035--2040},
  year={2009},
  publisher={National Acad Sciences}
}


@article{chua1995schizophrenia,
  title={Schizophrenia--a brain disease? A critical review of structural and functional cerebral abnormality in the disorder.},
  author={Chua, SE and McKenna, PJ},
  journal={The British Journal of Psychiatry},
  volume={166},
  number={5},
  pages={563--582},
  year={1995},
  publisher={RCP}
}

@article{park2013structural,
  title={Structural and functional brain networks: from connections to cognition},
  author={Park, Hae-Jeong and Friston, Karl},
  journal={Science},
  volume={342},
  number={6158},
  pages={1238411},
  year={2013},
  publisher={American Association for the Advancement of Science}
}

@article{kotter2001neuroscience,
  title={Neuroscience databases: tools for exploring brain structure--function relationships},
  author={K{\"o}tter, R},
  journal={Philosophical Transactions of the Royal Society of London B: Biological Sciences},
  volume={356},
  number={1412},
  pages={1111--1120},
  year={2001},
  publisher={The Royal Society}
}
@article{shepherd1998human,
  title={The Human Brain Project: neuroinformatics tools for integrating, searching and modeling multidisciplinary neuroscience data},
  author={Shepherd, Gordon M and Mirsky, Jason S and Healy, Matthew D and Singer, Michael S and Skoufos, Emmanouil and Hines, Michael S and Nadkarni, Prakash M and Miller, Perry L},
  journal={Trends in neurosciences},
  volume={21},
  number={11},
  pages={460--468},
  year={1998},
  publisher={Elsevier}
}

@article{bressler2010large,
  title={Large-scale brain networks in cognition: emerging methods and principles},
  author={Bressler, Steven L and Menon, Vinod},
  journal={Trends in cognitive sciences},
  volume={14},
  number={6},
  pages={277--290},
  year={2010},
  publisher={Elsevier}
}

@article{sejnowski2014putting,
  title={Putting big data to good use in neuroscience},
  author={Sejnowski, Terrence J and Churchland, Patricia S and Movshon, J Anthony},
  journal={Nature neuroscience},
  volume={17},
  number={11},
  pages={1440--1441},
  year={2014},
  publisher={Nature Research}
}

@article{howe2008big,
  title={Big data: The future of biocuration},
  author={Howe, Doug and Costanzo, Maria and Fey, Petra and Gojobori, Takashi and Hannick, Linda and Hide, Winston and Hill, David P and Kania, Renate and Schaeffer, Mary and St Pierre, Susan and others},
  journal={Nature},
  volume={455},
  number={7209},
  pages={47--50},
  year={2008},
  publisher={Nature Publishing Group}
}

@article{lynch2008big,
  title={Big data: How do your data grow?},
  author={Lynch, Clifford},
  journal={Nature},
  volume={455},
  number={7209},
  pages={28--29},
  year={2008},
  publisher={Nature Publishing Group}
}

@article{ferguson2014big,
  title={Big data from small data: data-sharing in the'long tail'of neuroscience},
  author={Ferguson, Adam R and Nielson, Jessica L and Cragin, Melissa H and Bandrowski, Anita E and Martone, Maryann E},
  journal={Nature neuroscience},
  volume={17},
  number={11},
  pages={1442--1447},
  year={2014},
  publisher={Nature Research}
}

@article{ross2004protein,
  title={Protein aggregation and neurodegenerative disease},
  author={Ross, Christopher A and Poirier, Michelle A},
  year={2004},
  publisher={Nature Publishing Group}
}

@misc{guyton2006textbook,
  title={Textbook of medical physiology, 11th},
  author={Guyton, Arthur and Hall, John},
  year={2006},
  publisher={Elsevier Inc.}
}

@article{sample2014scientists,
  title={Scientists threaten to boycott 1.2 bn Human Brain Project},
  author={Sample, Ian},
  journal={The Guardian},
  year={2014}
}
@article{markoff2013obama,
  title={Obama to unveil initiative to map the human brain},
  author={Markoff, John and Gorman, James},
  journal={The New York Times},
  volume={2},
  year={2013}
}
@article{graham2005mission,
  title={Mission to build a simulated brain begins},
  author={Graham-Rowe, Duncan},
  journal={New Scientist},
  pages={32--37},
  year={2005}
}
@article{rakic2008confusing,
  title={Confusing cortical columns},
  author={Rakic, Pasko},
  journal={Proceedings of the National Academy of Sciences},
  volume={105},
  number={34},
  pages={12099--12100},
  year={2008},
  publisher={National Acad Sciences}
}

@misc{understanding_cognition_2017,
title={Understanding Cognition},
url={https://www.humanbrainproject.eu/en/understanding-cognition/},
journal={Humanbrainproject.eu},
year={2017}
}
@misc{smith_2017,
title={Why Spend a Billion Dollars to Map the Human Brain?},
url={https://www.theatlantic.com/health/archive/2013/04/why-spend-a-billion-dollars-to-map-the-/human-brain/274594/},
journal={The Atlantic},
author={Smith, Dana},
year={2017}
}

@misc{nih_brain_initiative_2017,
title={NIH Embraces Bold, 12-Year Scientific Vision for Brain Initiative},
url={https://www.nih.gov/news-events/news-releases/nih-embraces-bold-12-year-scientific-/vision-brain-initiative},
journal={National Institutes of Health (NIH)},
year={2017}
},

@misc{geddes_2017,
title={Human brain mapped in unprecedented detail},
author={Geddes, Linda},
year={2017}
},

@article{sarter2001cognitive,
  title={The cognitive neuroscience of sustained attention: where top-down meets bottom-up},
  author={Sarter, Martin and Givens, Ben and Bruno, John P},
  journal={Brain research reviews},
  volume={35},
  number={2},
  pages={146--160},
  year={2001},
  publisher={Elsevier}
}
 @article{theil2015human,
  title={Why the Human Brain Project went wrongâ€”and how to fix it},
  author={Theil, S},
  journal={Scientific American},
  volume={313},
  number={4},
  year={2015}
}

@article{fox1988patterns,
  title={Patterns of brain electrical activity during facial signs of emotion in 10-month-old infants.},
  author={Fox, Nathan A and Davidson, Richard J},
  journal={Developmental Psychology},
  volume={24},
  number={2},
  pages={230},
  year={1988},
  publisher={American Psychological Association}
}