@article{test,
author = {Shelah, Saharon},
ams-subject = {(02.50)},
journal = {Israel Journal of Mathematics},
review = {MR 40-7102},
pages = {187--202},
title = {{Stable theories}},
volume = {7},
year = {1969},
}

@article{truong1997novel,
  title={A novel, double mutation in DNA gyrase A of Escherichia coli conferring resistance to quinolone antibiotics.},
  author={Truong, Que Chi and Van, JC Nguyen and Shlaes, David and Gutmann, Laurent and Moreau, Nicole J},
  journal={Antimicrobial Agents and Chemotherapy},
  volume={41},
  number={1},
  pages={85--90},
  year={1997},
  publisher={Am Soc Microbiol}
}

@article{martinez2000mutation,
  title={Mutation frequencies and antibiotic resistance},
  author={Martinez, JL and Baquero, F},
  journal={Antimicrobial agents and chemotherapy},
  volume={44},
  number={7},
  pages={1771--1777},
  year={2000},
  publisher={Am Soc Microbiol}
}
@article{delcour2009outer,
  title={Outer membrane permeability and antibiotic resistance},
  author={Delcour, Anne H},
  journal={Biochimica et Biophysica Acta (BBA)-Proteins and Proteomics},
  volume={1794},
  number={5},
  pages={808--816},
  year={2009},
  publisher={Elsevier}
}