@article{Bozorg2016,
author = {Bozorg, Behruz},
file = {:home/henrik/Downloads/PhD thesis, Behruz Bozorg.pdf:pdf},
title = {{Models of Mechanics and Growth in Developmental Biology : A Computational Morphodinamics approach MODELS OF MECHANICS AND GROWTH IN DEVELOPMENTAL BIOLOGY :}},
year = {2016}
}
